<record><leader>00000cas a2200000Mc 4500</leader><controlfield tag="001">848261041</controlfield><controlfield tag="008">830111d18881996mdudr n o     0    0eng d</controlfield><datafield ind1=" " ind2=" " tag="010"><subfield code="a">sn 88065135 </subfield></datafield><datafield ind1=" " ind2=" " tag="040"><subfield code="a">DKDLA</subfield><subfield code="b">dan</subfield><subfield code="c">DKDLA</subfield><subfield code="d">OCLCQ</subfield><subfield code="d">OCLCF</subfield></datafield><datafield ind1="1" ind2="4" tag="050"><subfield code="a">AN</subfield></datafield><datafield ind1="0" ind2="4" tag="082"><subfield code="a">340</subfield><subfield code="2">23</subfield></datafield><datafield ind1="0" ind2=" " tag="130"><subfield code="a">Daily record.</subfield><subfield code="g">Baltimore, Md.</subfield></datafield><datafield ind1="1" ind2="4" tag="245"><subfield code="a">The daily record</subfield></datafield><datafield ind1=" " ind2=" " tag="260"><subfield code="a">Baltimore, Md. :</subfield><subfield code="b">Maryland Law Journal Co.,</subfield><subfield code="c">-&#169;1996</subfield></datafield><datafield ind1=" " ind2=" " tag="580"><subfield code="a">Sammenlagt med: Warfield's business record</subfield></datafield><datafield ind1=" " ind2=" " tag="580"><subfield code="a">Sammenlagt med: New daily record</subfield></datafield><datafield ind1=" " ind2="7" tag="655"><subfield code="a">Electronic journals.</subfield><subfield code="2">lcgft</subfield></datafield><datafield ind1=" " ind2="7" tag="655"><subfield code="a">Periodicals</subfield><subfield code="2">fast</subfield><subfield code="0">(OCoLC)fst01411641</subfield></datafield><datafield ind1="1" ind2="7" tag="785"><subfield code="t">Warfield's business record</subfield></datafield><datafield ind1="1" ind2="7" tag="785"><subfield code="t">New daily record</subfield></datafield><datafield ind1="4" ind2=" " tag="856"><subfield code="z">Elektronisk udgave. Adgang fra RUC's netv&#230;rk</subfield><subfield code="u">http://BD9JX6AS9L.search.serialssolutions.com/?V=1.0&amp;L=BD9JX6AS9L&amp;S=JCs&amp;C=DAILRECBAMD&amp;T=marc&amp;tab=JOURNALS</subfield></datafield></record>